<record><leader>00000cas a22000007a 4500</leader><controlfield tag="001">23441713</controlfield><controlfield tag="008">910409d191619uucouwr ne      0    0eng d</controlfield><datafield ind1=" " ind2=" " tag="010"><subfield code="a">sn 91052473 </subfield></datafield><datafield ind1=" " ind2=" " tag="040"><subfield code="a">CNQ</subfield><subfield code="b">eng</subfield><subfield code="c">CNQ</subfield><subfield code="d">OCLCQ</subfield></datafield><datafield ind1=" " ind2=" " tag="042"><subfield code="a">msc</subfield></datafield><datafield ind1="0" ind2=" " tag="130"><subfield code="a">Independent (Colorado City, Colo.)</subfield></datafield><datafield ind1="1" ind2="4" tag="245"><subfield code="a">The independent.</subfield></datafield><datafield ind1="1" ind2="3" tag="246"><subfield code="a">Colorado City independent</subfield></datafield><datafield ind1=" " ind2=" " tag="260"><subfield code="a">Colorado City, Colo. :</subfield><subfield code="b">Schuyler C. Landes</subfield></datafield><datafield ind1=" " ind2=" " tag="300"><subfield code="a">v.</subfield></datafield><datafield ind1=" " ind2=" " tag="310"><subfield code="a">Weekly</subfield></datafield><datafield ind1="0" ind2=" " tag="362"><subfield code="a">Vol. 27, no. 29 (July 6, 1916)-v. 28, no. 25 (June 7, 1917).</subfield></datafield><datafield ind1=" " ind2=" " tag="530"><subfield code="a">Available on microfilm from the Colorado Historical Society.</subfield></datafield><datafield ind1=" " ind2=" " tag="752"><subfield code="a">United States</subfield><subfield code="b">Colorado</subfield><subfield code="c">El Paso</subfield><subfield code="d">Colorado City.</subfield></datafield><datafield ind1="0" ind2="0" tag="780"><subfield code="t">Colorado City independent</subfield><subfield code="w">(DLC)sn 91052472</subfield></datafield><datafield ind1="0" ind2="0" tag="785"><subfield code="t">Colorado Springs independent</subfield><subfield code="w">(DLC)sn 85067326</subfield></datafield></record>